<collection xmlns="http://www.loc.gov/MARC21/slim">
<record>
  <leader>00252na 0a22000851i 450 </leader>
  <controlfield tag="001">IT\ICCU\CNCE\047900</controlfield>
  <controlfield tag="005">20080206000000.0</controlfield>
  <datafield tag="100" ind1=" " ind2=" ">
    <subfield code="a">19990305             0itac0103    ba</subfield>
  </datafield>
  <datafield tag="200" ind1="1" ind2=" ">
    <subfield code="a">℗Le ℗Galathee faict nouuellement en italien &amp; franȯis ...</subfield>
  </datafield>
  <datafield tag="801" ind1=" " ind2="3">
    <subfield code="a">IT</subfield>
    <subfield code="b">ICCU</subfield>
    <subfield code="c">20201115</subfield>
  </datafield>
</record>
</collection>
